% Encoding: UTF-8
@article{Portelance2016IJTDE, title={Constructing the ScratchJr programming language in the early childhood classroom}, author={Portelance, Dylan J and Strawhacker, Amanda L and Bers, Marina Umaschi}, journal={International Journal of Technology and Design Education}, volume={26}, number={4}, pages={489--504}, year={2016}, publisher={Springer} }
@article{wing2014computational,
  title={Computational thinking benefits society},
  author={Wing, Jeannette},
  journal={40th Anniversary Blog of Social Issues in Computing},
  volume={2014},
  year={2014}
}
@book{uk2014natlcurriculum, title={The national curriculum in England: Key stages 1 and 2 framework document}, url={https://www.gov.uk/government/uploads/system/uploads/attachment_data/file/425601/PRIMARY_national_curriculum.pdf}, journal={The national curriculum in England: Key stages 1 and 2 framework document}, publisher={Department for Education}, year={2013}, month={Sep}}
@article{steele1997americanpsych,
  title={A threat in the air: How stereotypes shape intellectual identity and performance.},
  author={Steele, Claude M},
  journal={American psychologist},
  volume={52},
  number={6},
  pages={613},
  year={1997},
  publisher={American Psychological Association}
}
@inproceedings{clements1999,
  title={Young children and technology. Dialogue on early childhood science, mathematics, and technology education},
  author={Clements, DH},
  booktitle={American Association for the Advancement of Science},
  year={1999}
}
@article{markert1996jtechs,
  title={Gender related to success in science and technology},
  author={Markert, Linda Rae},
  journal={The Journal of Technology Studies},
  volume={22},
  number={2},
  pages={21--29},
  year={1996},
  publisher={JSTOR}
}
@article{madill2007,
title={Developing career commitment in STEM-related fields: myth versus reality},
  journal={Women and minorities in science, technology, engineering, and mathematics: Upping the numbers},
  author={Madill, Helen M and Campbell, Rachel G and Cullen, Dallas M and Armour, Margaret-Ann and Einsiedel, Albert A and Ciccocioppo, Anna-Lisa and Sherman, Jody and Stewin, Leonard L and Varnhagen, Stanley and Montgomerie, T Craig and Rothwell, Cynthia J and Coffin, Wendy L},
  editor={Burke, Ronald J and Mattis, Mary C},
  year={2007},
  pages={210-–244},
  publisher={Edward Elgar Publishing}
}
@article{metz2007,
title={Attracting the engineering of 2020 today},
  journal={Women and minorities in science, technology, engineering, and mathematics: Upping the numbers},
  author={Metz, S. S.},
  editor={Burke, Ronald J and Mattis, Mary C},
  year={2007},
  pages={184-–209},
  publisher={Edward Elgar Publishing}
}
@inproceedings{Morrison2015ICER,
 author = {Morrison, Briana B. and Margulieux, Lauren E. and Guzdial,Mark},
 title = {Subgoals, Context, and Worked Examples in Learning Computing Problem Solving},
 booktitle = {Proceedings of the Eleventh Annual International Conference on International Computing Education Research},
 series = {ICER '15},
 year = {2015},
 isbn = {978-1-4503-3630-7},
 location = {Omaha, Nebraska, USA},
 pages = {21--29},
 numpages = {9},
 url = {http://doi.acm.org/10.1145/2787622.2787733},
 doi = {10.1145/2787622.2787733},
 acmid = {2787733},
 publisher = {ACM},
 address = {New York, NY, USA},
 keywords = {cognitive load, contextual transfer, subgoal labels},
} 
@inproceedings{Weintrop2015ICER,
 author = {Weintrop, David and Wilensky, Uri},
 title = {Using Commutative Assessments to Compare Conceptual Understanding in Blocks-based and Text-based Programs},
 booktitle = {Proceedings of the Eleventh Annual International Conference on International Computing Education Research},
 series = {ICER '15},
 year = {2015},
 isbn = {978-1-4503-3630-7},
 location = {Omaha, Nebraska, USA},
 pages = {101--110},
 numpages = {10},
 url = {http://doi.acm.org/10.1145/2787622.2787721},
 doi = {10.1145/2787622.2787721},
 acmid = {2787721},
 publisher = {ACM},
 address = {New York, NY, USA},
 keywords = {assessment, blocks-based programming, high school computer science education, introductory programming environments},
} 

@inproceedings{Price2015ICER,
 author = {Price, Thomas W. and Barnes, Tiffany},
 title = {Comparing Textual and Block Interfaces in a Novice Programming Environment},
 booktitle = {Proceedings of the Eleventh Annual International Conference on International Computing Education Research},
 series = {ICER '15},
 year = {2015},
 isbn = {978-1-4503-3630-7},
 location = {Omaha, Nebraska, USA},
 pages = {91--99},
 numpages = {9},
 url = {http://doi.acm.org/10.1145/2787622.2787712},
 doi = {10.1145/2787622.2787712},
 acmid = {2787712},
 publisher = {ACM},
 address = {New York, NY, USA},
 keywords = {block programming, drag-and-drop, programming interface},
} 

@article{wyeth2008jls,
  title={How young children learn to program with sensor, action, and logic blocks},
  author={Wyeth, Peta},
  journal={The Journal of the learning sciences},
  volume={17},
  number={4},
  pages={517--550},
  year={2008},
  publisher={Taylor \& Francis}
}
@misc{scratchjr, title={Scratch - About}, url={https://www.scratchjr.org/about/info}, journal={ScratchJr - Home}}

@article{sullivan2015ijde,
  title={Robotics in the early childhood classroom: learning outcomes from an 8-week robotics curriculum in pre-kindergarten through second grade},
  author={Sullivan, Amanda and Bers, Marina Umaschi},
  journal={International Journal of Technology and Design Education},
  volume={26},
  number={1},
  pages={3--20},
  year={2015},
  publisher={Springer}
}
@article{sullivan2013jite,
  title={The wheels on the bot go round and round: Robotics curriculum in pre-kindergarten},
  author={Sullivan, Amanda and Kazakoff, Elizabeth R and Bers, Marina Umashi},
  journal={Journal of Information Technology Education},
  volume={12},
  year={2013}
}
@article{perlman1976mit,
  title={Using Computer Technology to Provide a Creative Learning Environment for Preschool Children. Logo memo No. 24}
  , journal={Cambridge, MA: MIT Artificial Intelligence Laboratory Publications},
pages={260},
  author={Perlman, Radia},
  year={1976}
}
@article{bers2002itcea,
  title={Teachers as designers: Integrating robotics in early childhood education},
  author={Bers, Marina U and Ponte, Iris and Juelich, Catherine and Viera, Alison and Schenker, Jonathan},
  journal={Information technology in childhood education annual},
  volume={2002},
  number={1},
  pages={123--145},
  year={2002},
  publisher={Association for the Advancement of Computing in Education (AACE)}
}
@article{cejka2006ijee,
  title={Kindergarten robotics: Using robotics to motivate math, science, and engineering literacy in elementary school},
  author={Cejka, Erin and Rogers, Chris and Portsmore, Merredith},
  journal={International Journal of Engineering Education},
  volume={22},
  number={4},
  pages={711},
  year={2006},
  publisher={TEMPUS PUBLICATIONS IJEE, ROSSMORE,, DURRUS, BANTRY, COUNTY CORK 00000, IRELAND}
}
@book{nces2015des, title={ Table 318.45: Number and percentage distribution of science, technology, engineering, and mathematics (STEM) degrees/certificates conferred by postsecondary institutions, by race/ethnicity, level of degree/certificate, and sex of student: 2008-09 through 2014-15}, url={https://nces.ed.gov/programs/digest/d16/tables/dt16_318.45.asp}, journal={ Table 318.45: Number and percentage distribution of science, technology, engineering, and mathematics (STEM) degrees/certificates conferred by postsecondary institutions, by race/ethnicity, level of degree/certificate, and sex of student: 2008-09 through 2014-15}, institution={Digest of Education Statistics}, year={2015}}

@book{varas2016, title={The Native-Born STEM Shortage}, url={http://www.americanactionforum.org/wp-content/uploads/2016/04/The-Native-Born-STEM-Shortage.pdf}, journal={The Native-Born STEM Shortage}, institution={ American Action Forum (AAF)}, author={Varas, Jacqueline}, year={2016}, month={Apr}}

@article{brennan2014creative,
  title={Creative computing},
  author={Brennan, Karen and Balch, Christan and Chung, Michelle},
  journal={Harvard Graduate School of Education},
  year={2014}
}

@article{Wing2006CommACM, title={Computational thinking}, author={Wing, Jeannette M}, journal={Communications of the ACM},volume={49},number={3},pages={33--35},year={2006}}
@article{Barr2011ACMInroads, title={Bringing computational thinking to K-12: what is Involved and what is the role of the computer science education community?}, author={Barr, Valerie and Stephenson, Chris}, journal={Acm Inroads}, volume={2}, number={1}, pages={48--54}, year={2011}, publisher={ACM} }

@article{Barr2011LLT, title={Computational thinking: A digital age skill for everyone.}, author={Barr, David and Harrison, John and Conery, Leslie}, journal={Learning \& Leading with Technology}, volume={38}, number={6}, pages={20--23}, year={2011}, publisher={ERIC} } 

@article{Guzdial2008CommACM, title={Education Paving the way for computational thinking}, author={Guzdial, Mark}, journal={Communications of the ACM}, volume={51}, number={8}, pages={25--27}, year={2008}, publisher={ACM} } 

@article{ Grover2013EduResearcher, title={Computational thinking in K--12: A review of the state of the field}, author={Grover, Shuchi and Pea, Roy}, journal={Educational Researcher}, volume={42}, number={1}, pages={38--43}, year={2013}, publisher={SAGE Publications Sage CA: Los Angeles, CA} }
@inproceedings{Brennan2012AERA, title={New frameworks for studying and assessing the development of computational thinking}, author={Brennan, Karen and Resnick, Mitchel}, booktitle={Proceedings of the 2012 annual meeting of the American Educational Research Association, Vancouver, Canada}, pages={1--25}, year={2012} }

@inproceedings{Rich2017ICER, author = {Rich, Kathryn M. and Strickland, Carla and Binkowski, T. Andrew and Moran, Cheryl and Franklin, Diana}, title = {K-8 Learning Trajectories Derived from Research Literature: Sequence, Repetition, Conditionals}, booktitle = {Proceedings of the 2017 ACM Conference on International Computing Education Research}, series = {ICER '17}, year = {2017}, isbn = {978-1-4503-4968-0}, location = {Tacoma, Washington, USA}, pages = {182--190}, numpages = {9}, url = {http://doi.acm.org/10.1145/3105726.3106166}, doi = {10.1145/3105726.3106166}, acmid = {3106166}, publisher = {ACM}, address = {New York, NY, USA}, keywords = {K-6, computational thinking, learning trajectories}, }

@inproceedings{Resnick2007SIGCHI, author = {Resnick, Mitchel}, title = {All I Really Need to Know (About Creative Thinking) I Learned (by Studying How Children Learn) in Kindergarten}, booktitle = {Proceedings of the 6th ACM SIGCHI Conference on Creativity \&Amp; Cognition}, series = {C\&C '07}, year = {2007}, isbn = {978-1-59593-712-4}, location = {Washington, DC, USA}, pages = {1--6}, numpages = {6}, url = {http://doi.acm.org/10.1145/1254960.1254961}, doi = {10.1145/1254960.1254961}, acmid = {1254961}, publisher = {ACM}, address = {New York, NY, USA}, keywords = {creative thinking, creativity, crickets, education, kindergarten, learning, scratch, technology}, }

@article{ VanMerriënboer1992JECR, title={Strategies for computer-based programming instruction: Program completion vs. program generation}, author={Van Merri{\"e}nboer, Jeroen JG and De Croock, Marcel BM}, journal={Journal of Educational Computing Research}, volume={8}, number={3}, pages={365--394}, year={1992}, publisher={SAGE Publications Sage CA: Los Angeles, CA} }

@phdthesis{Harms2017Dissertation, title={Code Puzzle Completion Problems in Support of Learning Programming Independently}, author={Harms, Kyle J}, year={2017}, school={Washington University in St. Louis} }

@article{Resnick2009CommACM, author = {Resnick, Mitchel and Maloney, John and Monroy-Hern\'{a}ndez, Andr{\'e}s and Rusk, Natalie and Eastmond, Evelyn and Brennan, Karen and Millner, Amon and Rosenbaum, Eric and Silver, Jay and Silverman, Brian and Kafai, Yasmin}, title = {Scratch: Programming for All}, journal = {Commun. ACM}, issue_date = {November 2009}, volume = {52}, number = {11}, month = nov, year = {2009}, issn = {0001-0782}, pages = {60--67}, numpages = {8}, url = {http://doi.acm.org/10.1145/1592761.1592779}, doi = {10.1145/1592761.1592779}, acmid = {1592779}, publisher = {ACM}, address = {New York, NY, USA}, }

@article{Lawhead2002SIGCSE, author = {Lawhead, Pamela B. and Duncan, Michaele E. and Bland, Constance G. and Goldweber, Michael and Schep, Madeleine and Barnes, David J. and Hollingsworth, Ralph G.}, title = {A Road Map for Teaching Introductory Programming Using LEGO\&Copy; Mindstorms Robots}, journal = {SIGCSE Bull.}, issue_date = {June 2003}, volume = {35}, number = {2}, month = jun, year = {2002}, issn = {0097-8418}, pages = {191--201}, numpages = {11}, url = {http://doi.acm.org/10.1145/782941.783002}, doi = {10.1145/782941.783002}, acmid = {783002}, publisher = {ACM}, address = {New York, NY, USA}, keywords = {2nd tier students, CS1, CS2, Java, computer controlled models, computing and interaction, object-oriented, robotics}, }

@book{wood2001, title={ Piaget's Stages of Cognitive Development. In M. Orey (Ed.), Emerging perspectives on learning, teaching, and technology}, url={ http://epltt.coe.uga.edu/}, journal={ Piaget's Stages of Cognitive Development. In M. Orey (Ed.), Emerging perspectives on learning, teaching, and technology}, institution={Emerging perspectives on learning, teaching, and technology}, author={Wood, Kay C and Smith, Harlan and Grossniklaus, Daurice}, year={2001}}

@book{act2016, title={The Condition of STEM 2016}, url={http://www.act.org/content/dam/act/unsecured/documents/STEM2016_52_National.pdf}, journal={The Condition of STEM 2016}, institution={ACT}, year={2016}, month={Nov}}

@book{fayer2017spotlightstat, title={STEM Occupations: Past, Present, And Future}, url={https://www.bls.gov/spotlight/2017/science-technology-engineering-and-mathematics-stem-occupations-past-present-and-future/pdf/science-technology-engineering-and-mathematics-stem-occupations-past-present-and-future.pdf}, journal={STEM Occupations: Past, Present, And Future}, institution={Spotlight on Statistics}, author={Fayer, Stella and Lacey, Alan and Watson, Audrey}, year={2017}, month={Jan}}

@article{neuhauser2017usnews, title={2016 U.S. News/Raytheon STEM Index Shows Uptick in Hiring, Education}, url={https://www.usnews.com/news/articles/2016-05-17/the-new-stem-index-2016}, journal={U.S. News \& World Report}, author={Neuhauser, Alan and Cook, Lindsey}, year={2017}, month={May}}

@misc{stemindex2017,title={The U.S. News/Raytheon STEM Index Shows America Will Have to Depend on Foreign Workers to Fill STEM Jobs}, url={https://www.usnews.com/info/blogs/press-room/articles/2016-05-17/the-us-news-raytheon-stem-index-shows-america-will-have-to-depend-on-foreign-workers-to-fill-stem-jobs},journal={U.S. News \& World Report}, year={2017}, month={May}}

@book{bhef2014, title={Building the Talent Pipeline: Policy Recommendations for "The Condition of STEM 2013" }, url={https://files.eric.ed.gov/fulltext/ED560227.pdf}, journal={Building the Talent Pipeline: Policy Recommendations for "The Condition of STEM 2013" }, institution={BHEF/ACT Policy Brief}, author={BusinessHigher Education Forum (BHEF) and ACT}, year={2014}, month={May}}

@article{zazulia2016usnews, title={MIT President Emerita Susan Hockfield: Kindergarten Is Critical}, url={https://www.usnews.com/news/articles/2016-05-13/mit-president-emerita-hockfield-kindergarten-is-critical}, journal={U.S. News \& World Report}, author={Zazulia, Nicholas}, year={2016}, month={May}}

@book{noonan2017, title={STEM Jobs: 2017 Update}, journal={STEM Jobs: 2017 Update}, author={Noonan, Ryan}, year={2017}}

@article{paas2003edupsych,
  title={Cognitive load theory and instructional design: Recent developments},
  author={Paas, Fred and Renkl, Alexander and Sweller, John},
  journal={Educational psychologist},
  volume={38},
  number={1},
  pages={1--4},
  year={2003},
  publisher={Taylor \& Francis}
}
@Comment{jabref-meta: databaseType:bibtex;}
